%% sitasi untuk latar belakang
@article{gulo2023identifikasi,
  title={Identifikasi Serangga (Insekta) yang merugikan Pada Tanaman Cabai Rawit di Desa Sisarahili Ekholo Kecamatan Lolowau Kabupaten Nias Sealatan},
  author={Gulo, Tonius and Harefa, Darmawan},
  journal={Jurnal Sapta Agrica},
  volume={2},
  number={1},
  pages={50--61},
  year={2023}
}

@article{sumung2023strategi,
  title={Strategi Kelompok Tani Wela Timung dalam Pengembangan Usahatani Cabai untuk Meningkatkan Pendapatan di Desa Bangka Lelak},
  author={Sumung, Maria Ratnawati and Santu, Lorensius and Budiman, Nikolaus and others},
  journal={Media Agribisnis},
  volume={7},
  number={2},
  pages={59--72},
  year={2023}
}

@article{zamrodah2020pendapatan,
  title={Pendapatan dan kelayakan usahatani cabai rawit},
  author={Zamrodah, Yuhanin and Pintakami, Lintar Brillian},
  journal={Journal of Agricultural Socio-Economics (JASE)},
  volume={1},
  number={1},
  pages={41--46},
  year={2020}
}

@article{fitriani2020penerapan,
  title={Penerapan sistem pakar untuk diagnosa penyakit dan hama tanaman cabai dengan metode forward chaining},
  author={Fitriani, Maulida Ayu and Febrianto, Dany Candra},
  journal={Sainteks},
  volume={16},
  number={2},
  year={2020}
}

@article{ibrahim2022identifikasi,
  title={Identifikasi Aktivitas Penggunaan Pestisida kimia yang Berisiko pada Kesehatan Petani Hortikultura},
  author={Ibrahim, Ilyas and Sillehu, Sahrir},
  journal={JUMANTIK (Jurnal Ilmiah Penelitian Kesehatan)},
  volume={7},
  number={1},
  pages={7--12},
  year={2022}
}

@article{sirisha2023statistical,
  title={Statistical analysis of design aspects of various YOLO-based deep learning models for object detection},
  author={Sirisha, U and Praveen, S Phani and Srinivasu, Parvathaneni Naga and Barsocchi, Paolo and Bhoi, Akash Kumar},
  journal={International Journal of Computational Intelligence Systems},
  volume={16},
  number={1},
  pages={126},
  year={2023},
  publisher={Springer}
}

@ARTICLE{10348569,
  author={Bai, Ruihan and Wang, Mingkang and Zhang, Zhiping and Lu, Jiahui and Shen, Feng},
  journal={IEEE Access}, 
  title={Automated Construction Site Monitoring Based on Improved YOLOv8-seg Instance Segmentation Algorithm}, 
  year={2023},
  volume={11},
  number={},
  pages={139082-139096},
  keywords={Instance segmentation;Autonomous aerial vehicles;Computational modeling;Real-time systems;Monitoring;YOLO;Machinery;Instance segmentation;YOLOv8;construction site},
  doi={10.1109/ACCESS.2023.3340895}}
  
%% sitasi untuk keaslian gagasan
@Article{agriculture13081643,
	AUTHOR = {Yue, Xiang and Qi, Kai and Na, Xinyi and Zhang, Yang and Liu, Yanhua and Liu, Cuihong},
	TITLE = {Improved YOLOv8-Seg Network for Instance Segmentation of Healthy and Diseased Tomato Plants in the Growth Stage},
	JOURNAL = {Agriculture},
	VOLUME = {13},
	YEAR = {2023},
	NUMBER = {8},
	ARTICLE-NUMBER = {1643},
	URL = {https://www.mdpi.com/2077-0472/13/8/1643},
	ISSN = {2077-0472},
	ABSTRACT = {The spread of infections and rot are crucial factors in the decrease in tomato production. Accurately segmenting the affected tomatoes in real-time can prevent the spread of illnesses. However, environmental factors and surface features can affect tomato segmentation accuracy. This study suggests an improved YOLOv8s-Seg network to perform real-time and effective segmentation of tomato fruit, surface color, and surface features. The feature fusion capability of the algorithm was improved by replacing the C2f module with the RepBlock module (stacked by RepConv), adding SimConv convolution (using the ReLU function instead of the SiLU function as the activation function) before two upsampling in the feature fusion network, and replacing the remaining conventional convolution with SimConv. The F1 score was 88.7%, which was 1.0%, 2.8%, 0.8%, and 1.1% higher than that of the YOLOv8s-Seg algorithm, YOLOv5s-Seg algorithm, YOLOv7-Seg algorithm, and Mask RCNN algorithm, respectively. Meanwhile, the segment mean average precision (segment mAP@0.5) was 92.2%, which was 2.4%, 3.2%, 1.8%, and 0.7% higher than that of the YOLOv8s-Seg algorithm, YOLOv5s-Seg algorithm, YOLOv7-Seg algorithm, and Mask RCNN algorithm. The algorithm can perform real-time instance segmentation of tomatoes with an inference time of 3.5 ms. This approach provides technical support for tomato health monitoring and intelligent harvesting.},
	DOI = {10.3390/agriculture13081643}
}

	@phdthesis{budiono2021rancang,
	title={Rancang Bangun Robot Penyemprot Pestisida Otonom dengan Sistem Wall-follower pada Penyemprotan Tanaman Cabai},
	author={BUDIONO, MUHAMMAD},
	year={2021},
	school={UNIVERSITAS ISLAM NEGERI SULTAN SYARIF KASIM RIAU}
}




  
  
